@misc{abdulla2016qualitative,
      title={Qualitative Analysis of VASS-Induced MDPs}, 
      author={Parosh Aziz Abdulla and Radu Ciobanu and Richard Mayr and Arnaud Sangnier and Jeremy Sproston},
      year={2016},
      eprint={1512.08824},
      archivePrefix={arXiv},
      primaryClass={cs.LO}
}