@article{asyncalgo2012,
author = {Ganty, Pierre and Majumdar, Rupak},
title = {Algorithmic Verification of Asynchronous Programs},
year = {2012},
issue_date = {April 2012},
publisher = {Association for Computing Machinery},
address = {New York, NY, USA},
volume = {34},
journal = {TOPLAS},
number = {1},
issn = {0164-0925},
url = {https://doi.org/10.1145/2160910.2160915},
doi = {10.1145/2160910.2160915},
month = may,
articleno = {6},
numpages = {48},
keywords = {Petri nets, liveness, fair termination, Asynchronous (event-driven) programming}
}

@misc{vassreach2012,
author = {Jérôme Leroux},
title = {Vector Addition Systems Reachability Problem (A Simpler Solution)},
year = {2012},
url = {https://hal.archives-ouvertes.fr/hal-00674970v2}
}